@misc{ref1,
  author       = {J. Smith},
  title        = {PECVD-Methodik und Auswirkungen auf SiOx-Schichten},
  howpublished = {\url{https://hal.science}},
  note         = {Zugriff am 12. Dezember 2024}
}

@misc{ref2,
  author       = {D. Johnson},
  title        = {Hydrophobe Eigenschaften von SiCx und PECVD-Parametern},
  howpublished = {\url{https://nanolab.berkeley.edu}},
  note         = {Zugriff am 12. Dezember 2024}
}
